<?xml version="1.0" encoding="UTF-8" ?>
<record Numero="14024094" format="InterXMarc_Complet" type="Authority">
<leader>00542c1 au22000272  45  <Pos Code="0004">00542</Pos>
<Pos Code="05" Sens="notice modifiée">c</Pos>
<Pos Code="06" Sens="notice validée en catalogage courant">1</Pos>
<Pos Code="08" Sens="notice d&apos;autorité">a</Pos>
<Pos Code="09" Sens="titre uniforme musical (TUM)">u</Pos>
<Pos Code="10">2</Pos>
<Pos Code="11">2</Pos>
<Pos Code="1216">00027</Pos>
<Pos Code="17" Sens="autres cas">2</Pos>
<Pos Code="20">4</Pos>
<Pos Code="21">5</Pos>
</leader>
<controlfield tag="001">FRBNF140240940<Pos Code="0001">FR</Pos>
<Pos Code="0204">BNF</Pos>
<Pos Code="0512">14024094</Pos>
<Pos Code="13">0</Pos>
</controlfield>
<controlfield tag="008">990722990722yy    sn        1680    ? ....                   1   <Pos Code="0001">99</Pos>
<Pos Code="0203">07</Pos>
<Pos Code="0405">22</Pos>
<Pos Code="0607">99</Pos>
<Pos Code="0809">07</Pos>
<Pos Code="1011">22</Pos>
<Pos Code="1213" Sens="ne s&apos;applique pas">yy</Pos>
<Pos Code="1820" Sens="sonate [sonate d&apos;église => sonate]">sn </Pos>
<Pos Code="2831">1680</Pos>
<Pos Code="36" Sens="Date incertaine">?</Pos>
<Pos Code="3841">....</Pos>
<Pos Code="61" Sens="La vedette peut être liée à une notice bibliographique sauf pour l&apos;accès matière RAMEAU">1</Pos>
</controlfield>
<datafield tag="048" ind1=" " ind2=" ">
	<subfield code="a">sa02<Pos Code="0001" Sens="cordes frottées - violon">sa</Pos>
<Pos Code="02">0</Pos>
<Pos Code="03">2</Pos>
</subfield>
	<subfield code="a">sg01<Pos Code="0001" Sens="cordes frottées - viole de gambe">sg</Pos>
<Pos Code="02">0</Pos>
<Pos Code="03">1</Pos>
</subfield>
	<subfield code="a">zb01<Pos Code="0001" Sens="basse continue - instruments non spécifiés">zb</Pos>
<Pos Code="02">0</Pos>
<Pos Code="03">1</Pos>
</subfield>
</datafield>
<datafield tag="100" ind1=" " ind2=" ">
	<subfield code="3">13898724</subfield>
	<subfield code="w"> 0  b     </subfield>
	<subfield code="a">Purcell</subfield>
	<subfield code="m">Henry</subfield>
	<subfield code="d">1659-1695</subfield>
</datafield>
<datafield tag="144" ind1="1" ind2=" ">
	<subfield code="w">....b.....</subfield>
	<subfield code="a">Sonates</subfield>
	<subfield code="b">Violons (2), viole de gambe, basse continue </subfield>
	<subfield code="k">Z 809</subfield>
	<subfield code="t">Sol mineur</subfield>
</datafield>
<datafield tag="502" ind1=" " ind2=" ">
	<subfield code="3">13921246</subfield>
	<subfield code="a">Purcell</subfield>
	<subfield code="m">Henry</subfield>
	<subfield code="d">1659-1695</subfield>
	<subfield code="t" Barre="4">[10 Sonates. Violons (2), viole de gambe, basse continue. Z 802 à 811]</subfield>
</datafield>
<datafield tag="600" ind1=" " ind2=" ">
	<subfield code="a">Extrait des &quot;Ten sonata&apos;s in four parts&quot;</subfield>
</datafield>
<datafield tag="600" ind1=" " ind2=" ">
	<subfield code="a">Date de composition : ca 1680</subfield>
</datafield>
<datafield tag="600" ind1=" " ind2=" ">
	<subfield code="a">Éd. : 1697</subfield>
</datafield>
<datafield tag="610" ind1=" " ind2=" ">
	<subfield code="a">Grove 6</subfield>
</datafield>
<datafield tag="917" ind1=" " ind2=" ">
	<subfield code="o">OPC</subfield>
	<subfield code="a">101663690</subfield>
</datafield>
<Attr Nom="IDPerenne">ark:/12148/cb140240948</Attr>
<Attr Nom="NumSource">OPC 101663690</Attr>
<Attr Nom="Source" Sens="BnF catalogue général (depuis 1999)">A</Attr>
<Attr Nom="NumAutoriteLiee">13898724</Attr>
<Attr Nom="DateCreation">22/07/ 1999</Attr>
<Attr Nom="ResponsableCreation">MIGV2</Attr>
<Attr Nom="StructCreation">1</Attr>
<Attr Nom="DateDerniereValidation">08/11/ 2010</Attr>
<Attr Nom="ResponsableDerniereValidation">MIGV4</Attr>
<Attr Nom="StructPremiereValidation">1</Attr>
<Attr Nom="DatePremiereValidation">22/07/ 1999</Attr>
<Attr Nom="ResponsablePremiereValidation">MIGV2</Attr>
<Attr Nom="StructDerniereValidation">1</Attr>
<Attr Nom="NumSource">OPP 14265909</Attr>
</record>
